3550 5676
445 861 449 870 .
549 813 710 864 nossent
734 811 945 872 casrannsrs
969 795 1032 858 tra
1049 807 1071 858 1.
1287 795 1328 864 23

290 985 351 1040 tres
375 993 444 1044 sunt
467 993 609 1058 auctores,
624 985 782 1056 Eusebius,
797 983 1007 1062 Hierbnyrnus,
1022 989 1053 1042 et
1072 981 1245 1042 Theodorus
1265 987 1328 1062 api·
1353 981 1482 1032 ΤΒΕἮΒΑ·

291 1079 406 1140 scopus.
446 1067 636 1144 Augustinus
666 1065 702 1124 de
731 1061 861 1124 Ciuitate
896 1065 963 1138 Dei,
1004 1063 1156 1140 potissimo
1183 1079 1264 1122 xvir.
1299 1073 1330 1124 et
1385 1073 1452 1090 “”“““

290 1159 384 1206 xvru.
430 1147 554 1206 Orosius
581 1145 735 1222 Hispanus
757 1143 987 1204 Tarraconensis
1010 1143 1175 1222 presbyter,
1199 1143 1232 1200 in
1253 1143 1330 1202 libro

290 1221 327 1284 de
349 1227 486 1286 Ormesta
509 1225 626 1284 Mundi.
667 1223 801 1284 Isidorus
822 1225 1009 1302 Hispalensis
1031 1227 1062 1284 in
1078 1225 1155 1282 libro
1175 1221 1329 1300 Etymolo·

289 1305 414 1380 giorum.
446 1303 567 1366 Solinus*
586 1305 622 1364 de
642 1305 831 1364 Mirabilibus
852 1307 970 1364 Mundi.
1002 1305 1152 1364 chricus
1165 1305 1329 1382 Huntyng·

290 1385 449 1446 donensis¹
471 1385 703 1446 archidiaconus.
745 1385 909 1464 Eutropius
929 1385 994 1468 [in]
1007 1387 1019 1424 ²
1032 1385 1168 1446 Historia
1187 1385 1330 1446 Romana.
1400 1415 1404 1422 -

290 1465 440 1524 Walterus
475 1467 699 1526 archidiaconus
727 1467 915 1528 Oxonionsis.
969 1467 1083 1526 Pardus
1111 1467 1262 1524 Diaconus
1298 1465 1351 1534 in,

289 1545 424 1604 Historia
449 1545 721 1626 Longobardorunr.
776 1549 915 1610 Alfridus
951 1545 1176 1608 Boverlaeensis
1210 1547 1346 1622 theson-¹¹

287 1627 392 1686 rarius.
435 1627 627 1686 Cassiodorus
650 1629 686 1688 de
718 1625 819 1690 Gestis
843 1629 1059 1708 Imperatorum
1084 1635 1114 1686 et
1140 1627 1330 1688 Pontificum.

290 1705 444 1766 Galfridus
465 1709 710 1782 Monamutensis,
731 1711 764 1770 in
786 1711 924 1770 Historia
944 1711 1117 1772 Bretonum.
1158 1707 1332 1768 Maibodius

288 1787 399 1846 ctiam3
419 1797 532 1866 martyr
550 1797 580 1848 et
594 1791 758 1868 episcopus,
773 1793 822 1852 cui
844 1793 1026 1850 incarcerato
1046 1791 1193 1850 revelarit
1208 1791 1332 1868 angelus

228 1929 229 1932 ,
288 1867 324 1926 dc
351 1869 453 1928 mundi
482 1878 561 1930 statu
587 1871 735 1948 principio
762 1879 793 1932 et
812 1875 880 1932 fine.
920 1871 1113 1932 Willelmus4
1133 1869 1331 1948 Ryvallensis.

290 1947 431 2008 Giraldns
463 1949 660 2024 Cambrensis,
682 1953 738 2028 ¹qui
770 1949 927 2030 descripsit
954 1953 1194 2050 Topographiam
1220 1951 1330 2010 Hiber·

288 2029 354 2104 niae,
369 2029 561 2092 itinerarium
575 2033 699 2106 walliae,
719 2039 750 2090 et
770 2035 863 2094 vitam
882 2033 963 2110 regis
980 2033 1107 2092 Henrici
1127 2031 1257 2092 Secundi
1277 2031 1332 2089 sub

287 2109 400 2186 triplici
427 2111 626 2196 distinctione.
671 2113 839 2188 Suetonius,
866 2115 902 2172 de
926 2113 1028 2174 Gestis
1055 2111 1331 2172 Memorabilibus.⁵

288 2191 468 2266 Macrobius,
491 2193 523 2250 in
540 2193 756 2256 Saturnalibus.
797 2195 951 2256 dohannes
975 2191 1200 2256 Salisburiensis
1224 2193 1256 2250 in
1278 2211 1331 2251 suo

287 2271 506 2350 Polycraticon,
530 2283 619 2352 quem
643 2275 816 2348 intitulavit,
841 2275 878 2334 de
899 2275 999 2352 Nugis
1022 2273 1187 2334 Curialiurn
1205 2281 1235 2332 et
1256 2273 1331 2332 Phi-

287 2353 486 2430 losophorum.
546 2355 720 2414 Priscianus
755 2355 983 2430 Grammaticus,
1022 2355 1053 2412 in
1088 2355 1330 2430 Cosmographia.

287 2433 396 2492 Petrus
417 2433 570 2496 Comestor
592 2437 624 2492 in
650 2435 786 2496 Historia
808 2435 1000 2496 Scholastica.
1041 2435 1179 2512 Hugutio
1204 2435 1333 2492 Pisanus

286 2515 441 2590 episcopus
469 2517 500 2574 in
527 2517 648 2592 Magnis
674 2517 942 2578 Derivationibusi
971 2517 1041 2576 suis.
1097 2515 1269 2594 Gregorius,
1296 2517 1333 2574 de

152 2591 156 2598 '
214 2637 216 2644 .
287 2595 477 2654 Mirabilibus
511 2597 624 2656 Romae.
678 2597 858 2658 Vincentius
891 2597 1105 2670 Belluacensis,
1139 2597 1170 2654 in
1206 2595 1333 2672 Speculo

285 2675 453 2736 Historiali.
506 2677 597 2752 Beda,
627 2679 663 2736 de
692 2677 795 2738 Gestis
821 2679 999 2754 Anglorum.
1053 2677 1110 2736 Ivo
1141 2677 1332 2736 Carnutensis

210 2763 212 2766 ’
287 2757 451 2834 episcopus
494 2757 585 2832 Beda,
611 2759 648 2816 de
669 2759 795 2818 Naturis
817 2757 936 2818 Rerum.
986 2757 1123 2816 Historia
1142 2757 1331 2816 Francorum.

286 2837 377 2910 Beda,
397 2839 432 2896 de
455 2837 658 2916 Temporibus.
702 2839 790 2898 Titus
806 2839 921 2928 Livius,
944 2839 980 2898 de
1000 2839 1103 2898 Gestis
1122 2839 1330 2898 Romanorum.

315 2987 486 2994 -a-..a—..n-m-
1077 2987 1151 2994 -un—

285 3079 394 3156 partite
409 3077 443 3136 of
461 3077 560 3136 whom
578 3079 616 3138 be
638 3077 681 3156 iij.
699 3085 843 3152 auctores,
858 3079 1017 3154 Eusebius,
1031 3077 1131 3140 Icrom
1152 3079 1211 3142 and
1232 3079 1331 3156 Theo·
1344 3081 1401 3134 MS.
1410 3079 1497 3132 Hanc.

286 3159 375 3218 dorus
409 3161 460 3218 the
493 3159 672 3236 byscboppe.
729 3159 840 3238 Seynte
872 3161 996 3238 Austyn
1030 3159 1067 3218 dc
1100 3159 1232 3220 Ciuitate
1254 3159 1329 3234 ‘Det
1384 3153 1457 3200 2261.

287 3241 347 3298 and
380 3239 522 3318 specially
549 3241 580 3298 iu
607 3241 659 3298 the
686 3239 790 3314 xvijthe
816 3241 875 3300 and
901 3239 1017 3316 xviijthe
1043 3239 1144 3300 books.
1207 3239 1331 3300 Orosius
1368 3245 1454 3260 ''²“

286 3321 449 3398 Hispanus,
471 3321 504 3378 in
523 3321 570 3378 his
590 3321 685 3378 booke
708 3321 744 3378 de
773 3321 910 3382 Ormesta
929 3321 1048 3380 Mundi.
1097 3321 1232 3380 Isidorus
1247 3321 1332 3382 ‘His-

286 3401 423 3480 palensis,
446 3401 477 3458 in
503 3399 551 3458 his
571 3399 795 3478 Ethimologias.
839 3401 967 3476 Solinus,
983 3401 1017 3460 of
1035 3403 1087 3462 Me
1109 3401 1280 3478 Meruayles
1302 3401 1337 3462 of

263 3483 337 3540 the
354 3483 484 3540 Worlde.
525 3481 698 3558 Eutropius,
726 3483 759 3540 in
785 3483 833 3540 his
858 3489 941 3562 story
962 3483 997 3540 of
1020 3483 1176 3542 Romanes.
1217 3483 1331 3556 Paulus

287 3563 440 3622 Diaconus
461 3563 492 3618 in
515 3561 563 3620 his
587 3561 677 3640 Story
691 3561 726 3620 of
744 3561 966 3640 Langobardes.
1008 3561 1211 3636 Cassiodorus
1226 3563 1261 3622 of
1278 3565 1330 3622 the

288 3643 398 3704 Gestes
419 3643 453 3702 of
476 3643 675 3720 Emperoures
697 3643 756 3702 aud
776 3645 979 3720 Byschoppes.
1020 3645 1203 3716 Methodius,
1226 3645 1332 3702 martir

286 3725 345 3782 aad
374 3723 568 3802 bysehoppe,7
601 3729 633 3780 to
659 3723 766 3798 whom,
791 3725 903 3802 hoenge
937 3725 969 3782 in
998 3725 1109 3802 prison,
1144 3745 1182 3782 an
1216 3725 1331 3802 augello

286 3805 440 3864 schewede
464 3803 498 3862 of
517 3813 559 3884 pa
575 3809 651 3870 state
673 3801 708 3860 of
725 3805 777 3864 the
796 3807 916 3878 weride,
940 3807 1137 3882 begynnenge
1159 3805 1218 3862 and
1244 3805 1329 3864 ende.

288 3885 458 3958 Suetonius,
473 3885 507 3942 of
528 3885 581 3942 the
603 3881 712 3942 Gestes
734 3885 769 3944 of
791 3885 949 3946 Romanos.
1001 3885 1141 3944 Valerius
1167 3885 1330 3960 Maximus,

260 3967 321 4026 cf
330 3969 381 4026 the
397 3965 506 4026 Gestes
520 3963 555 4022 of
563 3965 726 4042 Memorye.
764 3967 945 4040 Macrobius,
961 3967 993 4024 in
1012 3965 1228 4026 Saturnalibus.
1262 3967 1330 4024 Pri·
1399 4023 1400 4028 ,

286 4047 390 4106 cianus
406 4045 634 4118 Grammaticus,
650 4045 681 4102 in
694 4047 742 4104 his
758 4047 1008 4124 Cosmographye.
1043 4047 1153 4106 Petrus
1168 4043 1331 4120 Comestor,

285 4131 318 4186 in
338 4127 384 4184 his
409 4125 516 4204 Storye
540 4125 753 4186 scolasticalle.
795 4125 968 4204 Gregorius,
983 4127 1019 4186 of
1035 4127 1086 4184 the
1107 4125 1269 4186 Memailes
1298 4127 1334 4186 of

285 4209 387 4268 Rome.
430 4207 533 4280 Beda,
560 4205 597 4264 cf
618 4205 670 4266 the
698 4203 807 4266 Gentes
834 4209 870 4266 of
896 4227 965 4266 men
993 4207 1027 4266 of
1043 4207 1224 4284 Engloude;
1259 4209 1330 4282 also,

285 4289 375 4362 Bede,
401 4287 437 4346 of
458 4287 510 4346 the
529 4287 660 4344 Natures
682 4285 718 4344 of
743 4287 907 4366 Thyngcs3
935 4287 1005 4360 also,
1033 4287 1125 4360 Bede,
1153 4287 1188 4344 of
1211 4287 1330 4364 Tymea

317 4505 504 4608 ffls’biibd‘i‘m·
517 4527 538 4560 “-
803 4535 808 4604 Ῑ
865 4521 1055 4582 ⁵Romnnorom,
1079 4517 1191 4572 Valerius
1201 4517 1331 4572 Maximus

318 4645 327 4674 ³
338 4577 376 4656 ἠ]
395 4575 488 4630 Added
497 4575 562 4626 ΜΠ
573 4593 596 4638 ‘²’
608 4575 657 4626 and
669 4575 716 4628 ΟΧ·
832 4601 861 4654 de
870 4603 942 4668 castis
953 4597 1148 4662 memorabilibus,
1159 4619 1182 4650 c.

339 4645 423 4710 coam]
441 4659 490 4694 om.
503 4641 550 4694 Cx.

319 4711 461 4784 *atoma
484 4721 547 4784 ns,
569 4725 618 4774 aaa
636 4737 664 4772 so
683 4737 699 4772 a
717 4719 802 4774 litae·
865 4693 1084 4794 liifflrbtb
1097 4693 1145 4746 ⁰⁸·

286 4789 373 4842 below.
866 4791 874 4816 ⁷
885 4785 996 4852 bpscbcp,
1007 4785 1077 4836 Harl.
1090 4785 1146 4836 MS.
