3542 5666
430 823 494 890 436
710 879 715 890 Γ,
743 797 744 800 “
857 837 1041 888 APPENDIX.
1133 853 1134 858 =

427 1007 524 1098 longo
559 1015 656 1076 terrae
685 1015 718 1076 et
744 1009 845 1076 maris
878 1015 1049 1078 contractu
1079 1031 1099 1074 a
1128 1011 1241 1074 nostro
1271 1004 1461 1086 habitabili¹

426 1115 623 1200 segregatim,
647 1113 682 1180 id
708 1117 757 1180 est
779 1111 874 1194 altus,
902 1119 942 1182 ut
965 1113 1128 1202 usquead
1156 1113 1307 1178 lunarem
1328 1109 1462 1198 globum

262 1219 393 1302 Aopaedi-
427 1211 655 1302 attingat,ubi
677 1221 712 1284 et
732 1221 867 1304 propter
890 1219 973 1284 situs
999 1215 1212 1284 altitudinem
1233 1233 1326 1298 aquae
1349 1209 1467 1278 diluvii

260 1287 387 1418 {ffleffl
427 1339 495 1384 non
516 1325 745 1406 pervenerunt,
777 1325 816 1386 ut
848 1319 929 1386 dicit
960 1321 1056 1388 idem.
1102 1317 1154 1384 De
1175 1315 1326 1404 paradiso
1355 1317 1467 1380 autem
1568 1393 1569 1398 ἵ

260 1425 415 1500 runtaopa-
427 1419 507 1488 dicit
537 1421 705 1488 lohannes
739 1423 980 1488 Damascenus:
1028 1423 1114 1504 Quia
1149 1441 1229 1486 ¹vero
1267 1439 1308 1482 ex
1344 1416 1469 1482 visibili

259 1489 377 1568 mmmm.
426 1527 576 1590 creatura
602 1523 791 1590 conditurus
813 1527 884 1588 erat
908 1523 999 1590 Deus
1029 1525 1196 1590 hominem
1226 1523 1268 1588 ad
1290 1521 1467 1608 imaginem

426 1647 519 1690 suam
542 1631 576 1692 et
599 1625 858 1704 similitudinem,
875 1623 962 1692 sicut
977 1627 1142 1712 quendam
1163 1647 1272 1714 regem
1295 1629 1329 1692 et
1349 1623 1469 1712 prinoi-

425 1749 500 1814 pem
523 1727 627 1794 omnis
657 1731 753 1794 terrae
785 1731 819 1794 et
845 1727 993 1794 omnium
1017 1749 1090 1814 quae
1121 1731 1200 1794 sunt
1228 1729 1265 1794 in
1294 1729 1375 1816 ipsa,
1391 1749 1466 1794 con·
1501 1721 1502 1724 '

424 1833 549 1896 struxit
570 1835 649 1896 ante
664 1831 756 1918 quasi
777 1829 943 1916 quandam
965 1833 1140 1920 regionem,
1163 1831 1198 1896 in
1221 1853 1287 1916 qua
1301 1853 1469 1898 conversa·
1493 1905 1494 1908 Ἴ

423 1937 478 1998 tus
509 1935 639 2000 beatam
673 1933 806 1998 duceret
838 1933 963 2016 vitam3
999 1937 1033 2000 et
1067 1931 1233 2000 iste-locus
1257 1935 1389 2000 divinus
1416 1937 1466 2000 est

420 2037 676 2124 paradisus'Dei
698 2037 851 2102 manibus
872 2037 909 2100 in
926 2037 1043 2114 Edon,2
1066 2037 1102 2102 id
1128 2041 1185 2116 est,
1211 2037 1338 2104 deliciis
1364 2043 1464 2104 etvo-
1575 2079 1579 2088 ,

256 2151 390 2232 Paradisps
421 2139 558 2226 luptate,
581 2139 757 2228 plantatus,
781 2139 818 2206 in
841 2139 966 2206 oriente
982 2139 1114 2226 quidem
1131 2139 1220 2204 omni
1235 2145 1324 2206 terra
1343 2139 1465 2220 celsior,

255 2225 408 2338 ξζᾏζᾟξοῆ
422 2243 555 2338 penitns
590 2247 773 2332 temperato
811 2247 845 2310 et
878 2243 1071 2310 tenuissimo
1101 2265 1175 2308 aere
1205 2241 1464 2330 eircumfirlgens,
1512 2301 1515 2306 .

253 2375 411 2440 nepum-1-
420 2345 543 2432 plantis
564 2367 690 2432 semper
711 2345 837 2412 floridis
867 2351 1014 2412 comatus
1040 2351 1074 2412 et
1103 2347 1190 2412 bono
1220 2347 1318 2412 odore
1339 2346 1464 2434 plenus,

213 2529 214 2532 Ἴ
254 2443 376 2522 ruuipeet
420 2447 546 2514 lumine
571 2447 714 2534 repletus
738 2445 801 2534 [et]
827 2447 1071 2534 pulchritudine
1100 2449 1263 2526 universa,
1291 2449 1405 2536 gandii
1431 2453 1465 2516 et

252 2511 634 2628 idlapm'exulrationis
656 2549 927 2638 promptuarium,
944 2555 1098 2616 creaturae
1121 2549 1284 2616 sensibilis
1305 2551 1463 2618 excedens

418 2651 671 2740 intelligentiam
685 2677 693 2732 3
720 2649 834 2716 divina
855 2651 947 2738 regio
970 2657 1005 2718 et
1020 2653 1121 2740 digna
1136 2651 1197 2718 θο3
1211 2653 1269 2738 qui
1283 2653 1461 2720 secundum

418 2755 595 2844 imaginem
626 2759 706 2834 erat,
732 2753 769 2820 in
798 2777 862 2840 quo
896 2755 945 2820 nil
972 2754 1254 2820 irrationabilium
1278 2757 1461 2836 habitabat,

417 2859 474 2922 sed
511 2857 598 2922 solus
635 2857 732 2922 homo
770 2855 983 2928 divinarum„⁴
1012 2879 1170 2924 manuum
1199 2857 1330 2944 plasma.
1376 2859 1462 2926 Item

416 2961 556 3026 Stratus
579 2965 613 3024 et
628 2961 720 3024 Beda
734 2961 850 3026 dicunt
872 2961 962 3048 quod
983 2961 1155 3048 paradisus
1171 2961 1260 3026 loeus
1275 2963 1311 3026 in
1334 2961 1460 3030 oriente

287 3111 291 3116 -
406 3063 547 3150 positus,
570 3063 743 3150 interjecto
767 3085 886 3130 oceano
908 3069 943 3130 et
967 3063 1136 3130 montibus
1160 3063 1328 3150 oppositis,
1361 3087 1381 3128 a
1412 3087 1463 3132 re·

413 3165 566 3254 gionibus
588 3189 669 3252 quas
692 3165 843 3232 incolunt
872 3165 1022 3232 homines
1054 3169 1196 3232 secretus
1218 3171 1253 3232 et
1282 3167 1460 3232 remotissi-
1571 3193 1573 3200 ’

248 3285 288 3336 De
299 3285 381 3336 altitu-
414 3291 486 3360 mus
516 3273 574 3346 est,
596 3269 852 3356 pertingensquc
882 3267 1061 3334 altitudine
1090 3291 1194 3354 usque
1215 3267 1260 3332 ad
1295 3269 1455 3336 circulum
1548 3315 1549 3318 =

247 3353 380 3486 ffassgfflffi
413 3369 517 3458 ipsius
539 3371 640 3462 lunre3
662 3371 726 3438 suit
741 3371 831 3438 locus
854 3393 980 3438 summe
1004 3371 1200 3438 conveniens
1214 3371 1342 3438 homini
1364 3373 1459 3438 inno-

248 3457 375 3564 Continuo
412 3473 500 3540 ocnti
523 3477 656 3560 propter
671 3475 739 3560 ejus
755 3497 917 3540 summam
935 3475 1136 3562 temperiem,
1157 3495 1258 3562 quare
1271 3497 1339 3542 non
1354 3477 1458 3564 frigus
1516 3539 1517 3546 ἶ

247 3579 378 3658 properes
411 3577 461 3642 ibi
482 3579 614 3642 estnec
636 3581 744 3658 aestus,
768 3577 825 3642 sed
851 3581 1010 3664 perpetua
1031 3579 1214 3666 temperies,
1231 3581 1269 3642 ut
1293 3579 1373 3644 dicit
1396 3579 1458 3644 Isi-

245 3645 368 3788 g'ffim
413 3679 518 3744 dorus.
564 3679 652 3744 Item
685 3683 819 3768 propter
842 3681 988 3746 omnium
1011 3681 1170 3746 bonorum
1193 3681 1459 3762 abundantiam

247 3803 369 3854 bonoram
413 3783 499 3868 quia,
515 3787 555 3848 ut
569 3781 651 3846 dicit
672 3781 881 3868 Augustinus
896 3781 938 3848 de
954 3781 1101 3850 Oivitate
1119 3783 1183 3850 Dei
1199 3783 1291 3868 xiiij,
1314 3775 1457 3872 capitulo
1514 3803 1515 3806 ’

246 3871 375 3988 ΨΜ·
412 3909 451 3964 x,
476 3885 558 3972 quid
578 3885 694 3950 timere
717 3889 776 3948 aut
800 3885 909 3950 dolere
931 3889 1085 3972 poterant
1108 3887 1143 3952 in
1169 3889 1339 3952 tantorum
1362 3891 1458 3954 tanta

410 3987 579 4052 affluentia
593 3987 765 4066 bonorum,
777 3987 835 4052 ubi
849 4009 916 4052 non
932 3987 1046 4054 aberat
1063 3991 1238 4080 quicquam
1260 3991 1349 4074 quod
1370 3991 1457 4056 bona

410 4090 563 4156 voluntas
578 4089 834 4176 adipisceretur,⁵
844 4113 903 4156 nec
918 4091 1025 4158 inerat
1041 4091 1129 4178 quod
1143 4113 1272 4158 carnem
1291 4091 1371 4176 [vel]
1385 4093 1455 4158 ani·

410 4215 500 4258 mum
520 4193 666 4258 ¹hominis
687 4191 828 4258 feliciter
848 4193 993 4260 viventis
1016 4195 1197 4286 offenderet
1211 4195 1265 4260 vel
1288 4195 1324 4260 in
1346 4195 1456 4284 aliqua

245 4317 350 4372 Summa
411 4295 619 4362 molestaret?
663 4293 749 4360 Item
771 4300 904 4382 propter
927 4317 1088 4362 summam
1103 4297 1331 4362 amoenitatem
1343 4323 1352 4380 ;
1374 4321 1449 4364 nam

245 4387 381 4440 amenitas.
410 4399 568 4464 universae
606 4397 861 4486 pulchritudinis
893 4403 963 4464 erat
1001 4399 1272 4488 promptuarium,
1304 4403 1343 4466 ut
1373 4401 1454 4470 dicit

443 4713 450 4742 ¹
461 4707 574 4770 talitali,
585 4709 643 4762 MS.
988 4707 1151 4770 idiotismum,
1162 4707 1219 4760 MS.

440 4787 548 4848 ²Edom,
560 4787 616 4840 MS.
762 4797 763 4800 ’
849 4851 850 4854 ¹
988 4799 1151 4866 5αάίρὶεοθνε,
1163 4801 1219 4852 MS.

440 4873 450 4902 ³
461 4869 531 4934 clipeo
542 4867 615 4934 dipsa
629 4869 657 4932 ei,
669 4867 726 4920 MS.
