3542 5666
443 821 508 884 aaa
874 835 1059 886 arpason.
1193 799 1195 804 ’

440 1011 552 1076 messis
566 1013 600 1076 et
615 1013 686 1080 olus
707 1013 828 1092 crescit,
845 1015 931 1082 unde
953 1019 989 1082 et
1010 1013 1186 1104 gentilium
1201 1037 1290 1082 error
1305 1021 1340 1082 et
1354 1017 1486 1082 sacula-

439 1115 526 1180 rium
548 1115 694 1182 carmina
716 1121 886 1204 poetarum
909 1123 1044 1208 propter
1067 1117 1128 1184 soli
1154 1117 1393 1188 fecunditatem
1419 1139 1488 1184 eas·

440 1219 515 1286 dem
536 1217 662 1286 insulas
688 1219 876 1308 paradisum
903 1243 971 1290 esse
993 1227 1219 1310 putaverunt3
1243 1223 1332 1310 quod
1353 1223 1486 1310 quidem

437 1343 557 1408 ponere
579 1329 630 1388 eat
652 1345 832 1404 erroneum,
858 1347 932 1390 cum
962 1327 1129 1414 praedictae
1153 1325 1271 1394 insulae
1287 1325 1484 1394 Fortunatae
1566 1329 1567 1332 ’

437 1423 505 1490 sint
537 1427 574 1490 in
611 1427 778 1494 occidente
801 1431 915 1492 contra
938 1427 1057 1496 laevam
1079 1429 1293 1496 Mauritania
1307 1429 1344 1496 in
1367 1451 1485 1496 oceano

440 1529 615 1608 collocatae,
636 1535 677 1594 ut
700 1529 782 1594 dicit
807 1529 961 1608 Isidorus,
976 1529 1063 1596 libro
1078 1555 1133 1600 xv.
1179 1531 1355 1600 Paradisus
1373 1537 1485 1598 autem

438 1631 475 1694 in
498 1631 634 1710 oriente,
657 1631 694 1696 in
717 1629 877 1696 altissimo
903 1625 1026 1712 monte,
1049 1633 1090 1700 de
1112 1637 1206 1722 eujus
1236 1635 1403 1704 cacumine
1433 1657 1485 1702 ca·

437 1735 552 1800 dentes
574 1756 669 1820 aquae
695 1733 877 1800 maximum
899 1735 1028 1802 faciunt
1058 1737 1175 1816 laeum,
1199 1745 1233 1804 et
1260 1741 1296 1806 in
1318 1761 1377 1806 suo
1406 1761 1485 1808 casu
1615 1731 1631 1762 '²³'

248 1847 375 1928 ¹Papae·
436 1841 569 1904 tantmn
590 1835 717 1904 faciunt
740 1837 917 1926 strepitum
939 1843 975 1904 et
996 1837 1175 1928 fragorem,
1189 1843 1278 1928 quod
1299 1847 1411 1910 omnes
1432 1841 1483 1908 ih·
1571 1851 1572 1854 ’

268 1923 387 2050 {flffi
436 1941 514 2006 eolae
531 1941 632 2026 juxta
646 1942 840 2028 praedictum
862 1941 971 2008 laeum
993 1947 1175 2008 nascuntur
1197 1943 1289 2010 surdi
1303 1967 1346 2010 ex
1367 1945 1484 2012 immo-

268 2051 411 2132 eacenuum
435 2043 549 2114 derato
572 2045 683 2112 sonitu
704 2067 762 2112 seu
791 2045 918 2132 fragore
944 2067 1074 2112 sensum
1105 2045 1239 2112 auditus
1269 2047 1305 2112 in
1334 2047 1482 2136 parvulis

266 2117 424 2246 ffffiglm‘
434 2153 667 2234 corrumpente,
692 2155 732 2216 ut
762 2147 844 2214 dicit
867 2147 1009 2216 Basilius
1031 2149 1068 2214 in
1100 2149 1307 2232 Exameron3
1329 2151 1482 2218 similitor

434 2255 468 2322 ct
482 2249 682 2318 Ambrosius.
729 2251 783 2318 Ex
800 2251 858 2318 illo
879 2257 991 2318 autem
1013 2253 1096 2332 lacu,
1112 2252 1206 2320 velut
1229 2275 1271 2320 ex
1292 2255 1482 2334 neoforto,

431 2353 612 2438 procedunt
634 2353 693 2420 illa
722 2355 862 2424 flumina
883 2361 1035 2442 quatuor,
1059 2357 1185 2422 Phison
1200 2357 1258 2442 qui
1280 2361 1316 2424 ct
1337 2357 1479 2446 Ganga,

433 2453 531 2540 Gyen
553 2457 611 2542 qui
639 2459 673 2522 et
700 2455 800 2522 Nilus
830 2456 962 2536 dicitur,
979 2463 1014 2524 et
1036 2459 1152 2546 Tigris
1166 2481 1204 2526 ao
1227 2459 1415 2546 Euphrates
1438 2461 1479 2526 de

431 2557 552 2644 quibus
572 2559 610 2624 in
630 2557 724 2624 libro
738 2557 900 2626 Geneseos
923 2561 963 2626 fit
985 2563 1112 2628 mentio
1134 2561 1292 2648 specialis.

455 2849 520 2918 lla
542 2873 639 2934 auom,
663 2873 702 2918 oa
725 2849 804 2918 itta
824 2851 925 2936 piceo
946 2851 991 2918 o'n
1013 2849 1065 2918 tica
1087 2851 1212 2918 ahortm
1228 2849 1326 2936 forari
1347 2849 1387 2936 os
1403 2849 1457 2918 etc
1520 2921 1522 2928 ,

740 2953 1012 3040 Polychrorac'eora
1036 2953 1086 3040 (Ο.
1098 2953 1166 3042 11¹)

473 3107 558 3176 Isioi.
582 3109 618 3176 u.
634 3107 742 3198 [ctu]
765 3129 789 3174 c.
818 3111 846 3174 3.
893 3107 1070 3172 Paradisus
1091 3107 1182 3174 loeus
1205 3109 1257 3192 est
1277 3107 1315 3170 in
1331 3105 1475 3186 Oriente,

428 3213 526 3302 longo
549 3213 648 3278 maris
671 3217 780 3280 tractu
797 3233 819 3276 a
833 3215 944 3276 nostro
967 3209 1142 3298 habitabili
1164 3213 1362 3298 segregatus,
1383 3209 1476 3296 cujus

429 3317 624 3382 vocabulum
647 3337 668 3380 a
689 3315 802 3382 Graeco
824 3315 860 3388 in
883 3313 1041 3380 Latinum
1056 3335 1188 3380 versum
1206 3311 1329 3378 dicitur
1350 3311 1475 3390 Mnus,
1561 3335 1562 3338 ¹

430 3419 594 3484 Hebraice
609 3441 687 3486 vero
702 3417 808 3500 Erico,
827 3417 915 3504 quod
938 3421 1035 3482 sonat
1048 3415 1187 3482 deliciae
1197 3439 1211 3494 ,·
1237 3413 1326 3502 quod
1347 3419 1477 3478 utrum·

429 3545 492 3610 quc
527 3523 682 3610 junctum
720 3521 799 3586 facit
838 3519 975 3586 hortm
1013 3519 1226 3584 deliciorum.
1284 3517 1347 3584 Est
1384 3517 1473 3584 euim

323 3689 326 3696 .
427 3627 517 3692 locus
540 3615 629 3692 omni
650 3637 768 3714 genere
790 3623 943 3688 arborum
966 3623 1119 3704 consitus,
1143 3622 1201 3687 ubi
1223 3625 1275 3686 est
1297 3625 1330 3686 et
1344 3619 1473 3706 lignum

427 3729 530 3812 vitae;
562 3729 654 3816 cujus
686 3729 749 3794 loci
782 3725 893 3792 aditus
915 3729 990 3814 post
1019 3717 1204 3812 peccatum
1211 3723 1310 3812 primi
1330 3711 1473 3788 hominis

427 3831 621 3898 interclusus
659 3835 729 3912 est3
765 3832 877 3918 septus
915 3833 966 3896 est
1005 3827 1093 3894 enim
1131 3827 1278 3914 undique
1311 3825 1471 3914 rumphea
1587 3907 1590 3914 Ι

426 3935 583 4014 flammeo,
607 3929 654 4000 id‘
665 3937 724 4016 est,
739 3953 834 3998 muro
848 3933 953 4020 igneo,
976 3931 1025 3996 ita
1039 3935 1079 3996 ut
1094 3929 1163 4018 ejus
1178 3941 1252 3998 oum
1274 3923 1357 3994 ooelo
1376 3947 1471 4016 paene

421 4041 585 4128 jungatur
596 4027 798 4104 incendium
839 4035 948 4124 Supra
962 4055 1040 4100 vero
1055 4033 1248 4122 rompheam
1264 4031 1356 4096 illam
1371 4031 1471 4118 positi

425 4147 504 4208 sunt
527 4139 691 4220 cherubin,
714 4139 750 4204 id
773 4137 957 4226 ostergau
977 4137 1057 4202 boni
1081 4137 1124 4202 ad
1145 4135 1323 4202 arcendum
1337 4133 1472 4220 spiritus

425 4247 527 4314 malos
539 4273 548 4334 3
584 4245 742 4334 rumphea
771 4241 872 4310 etiam
902 4246 992 4328 arcet
1021 4241 1176 4322 homines.
1223 4239 1337 4316 Habet
1368 4237 1485 4304 etiam¹
1517 4297 1519 4302 ,

425 4351 515 4438 locus
546 4351 603 4418 ille
635 4349 888 4430 salubritatem
925 4347 1003 4434 quia
1040 4345 1197 4434 temperie
1233 4341 1380 4430 gaudens
1410 4363 1470 4408 nec

425 4453 527 4540 frigus
557 4453 659 4522 habet
679 4475 740 4520 neo
761 4455 900 4532 aestum3
938 4447 973 4516 et
994 4447 1152 4536 quioquid
1181 4445 1230 4512 ibi
1262 4445 1361 4528 vivit,
1382 4445 1469 4524 mori
1545 4463 1566 4522 j

293 4549 294 4552 ¹
426 4551 492 4622 non
514 4563 630 4642 potest.
659 4549 740 4624 ‘Oui
761 4553 809 4620 rei
840 4547 1021 4620 attestatur
1050 4551 1138 4636 quod
1161 4547 1274 4616 Enoch
1296 4554 1330 4617 et
1353 4547 1470 4616 Helias

431 4717 632 4726 ...Quadam

418 4883 420 4886 Ι
492 4817 753 4890 ¹'I'hetextistaken
764 4815 829 4864 from
839 4813 873 4864 D.
902 4811 1077 4876 Comparepp.
1091 4809 1394 4862 66-7ssofthisvolume.
1456 4827 1457 4830 ¹
1525 4841 1526 4844 ,
