3542 5666
461 803 504 866 tr
657 819 948 870 ronronnouroos
974 819 1155 870 aaronem
1178 819 1315 868 urcnun

458 993 656 1080 provincias¹
673 995 882 1084 septuaginta
916 995 1011 1074 octo,l
1035 997 1133 1062 urbes
1163 993 1309 1080 insignes
1343 999 1507 1060 trecentos

442 1131 675 1218 septuaginta,
699 1131 838 1202 flumina
862 1113 1104 1218 quinquaginta
1124 1133 1259 1218 septem,
1281 1133 1397 1216 gentes
1431 1151 1505 1194 oen-

409 1331 411 1340 ,
460 1269 531 1330 tum
551 1265 844 1352 vigintiquinque.
892 1263 994 1350 Oujus
1020 1267 1107 1332 orbis
1134 1263 1278 1330 ambitus
1304 1267 1355 1328 est
1379 1267 1503 1328 trecen-

458 1395 542 1464 ties²
569 1395 755 1482 quindecies
788 1401 924 1462 centena
959 1397 1064 1464 millia
1096 1419 1260 1486 passuum.
1316 1395 1504 1482 Longitudo
1536 1477 1541 1484 .

456 1551 534 1596 vero
558 1539 656 1596 terrae
686 1529 875 1596 habitabilis
908 1529 950 1596 ab
976 1531 1068 1598 ortu3
1098 1533 1266 1618 usquead
1289 1553 1446 1620 occasum,
1469 1533 1505 1598 id

349 1699 350 1702 ¹
456 1669 516 1746 est,
539 1665 580 1730 ab
605 1665 702 1730 India
725 1687 825 1754 nsque
848 1665 891 1732 ad
913 1665 1089 1732 columnas,
1104 1665 1257 1734 Herculis
1283 1669 1320 1734 in
1340 1667 1504 1734 Gaditano

455 1799 539 1866 freto
561 1799 683 1866 habet*
705 1799 804 1866 octies
832 1799 1003 1886 quinquies
1028 1805 1167 1868 centena
1193 1803 1403 1888 septuaginta
1430 1807 1503 1868 octo

455 1933 615 2008 muriano.
662 1933 762 2022 cuju³
785 1933 918 2020 quidem
936 1927 1156 2020 'longitudinis
1172 1933 1332 2000 amensa
1355 1957 1504 2022 compen.

455 2067 576 2132 diosior
599 2073 649 2134 est
672 2089 730 2154 per
744 2091 832 2134 mare
848 2065 945 2154 quani
970 2089 1029 2154 per
1042 2073 1155 2134 terras.
1203 2067 1362 2134 Latitudo
1387 2073 1496 2134 autern
1530 2079 1531 2082 ’

453 2209 552 2270 terrae
581 2201 645 2268 ab⁵
672 2203 808 2270 australi
836 2203 950 2268 littore
980 2205 1092 2268 oceani
1127 2177 1303 2292 AEthiopici
1326 2225 1429 2290 usque
1458 2205 1501 2268 ad

453 2313 573 2406 ostium
611 2339 714 2406 Tanai
751 2339 895 2404 fluminis
924 2341 962 2404 in
998 2339 1220 2432 septentrione
1250 2361 1333 2426 pene
1364 2339 1500 2406 dimidio
1578 2391 1588 2406 ,

454 2475 561 2538 minor
583 2476 632 2539 est
655 2493 752 2560 quam
775 2471 930 2558 praedicta
956 2471 1139 2558 longitude,
1162 2477 1196 2538 et
1227 2475 1376 2538 continet
1403 2475 1500 2562 quin-1

440 2607 604 2696 'quagiesfl
627 2613 770 2696 quatuor
785 2613 921 2674 centena
942 2609 1115 2694 sexaginte
1137 2607 1203 2674 duo
1226 2609 1387 2676 milliaria.
1435 2611 1498 2676 Re·
1581 2651 1584 2658 ·

452 2751 582 2834 portum
614 2749 665 2810 est
697 2743 798 2808 etiarn
828 2745 915 2830 quod
944 2743 1217 2832 profundissimus
1251 2745 1340 2810 locus
1374 2745 1499 2810 maris⁷

437 2869 686 2948 'Mediterranei
724 2881 870 2946 continet
908 2883 1053 2968 spatium
1072 2881 1275 2968 ,quindecim
1316 2883 1497 2948 stadiorum

451 3017 489 3082 in
512 3015 767 3104 perpendiculo.⁸
810 3015 1027 3102 Rosolptus.
1075 3015 1260 3082 Secundum
1281 3015 1497 3084 Ptolomaeum

450 3151 588 3216 circulus
607 3151 753 3216 continet
773 3151 995 3236 quantitatem
1017 3151 1168 3226 diametri
1190 3157 1248 3228 ter,
1274 3155 1307 3216 et
1325 3153 1495 3240 septimam

450 3291 576 3372 partem
599 3285 706 3352 tertiae
728 3287 831 3372 partis
843 3311 850 3366 ;
879 3285 965 3352 unde
989 3285 1154 3372 proportio
1175 3285 1285 3350 circuli
1310 3287 1362 3350 ad‘
1376 3287 1497 3354 diame-

450 3427 539 3516 trum
555 3435 605 3486 est
620 3423 704 3486 siout
726 3423 892 3508 proportio
908 3439 994 3486 XXII.
1010 3423 1053 3486 ad
1068 3441 1128 3488 VH.
1175 3419 1228 3486 Ex
1244 3445 1308 3508 quo
1331 3423 1497 3510 colligitur
1520 3457 1521 3460 ¹

386 3557 391 3564 ’
449 3555 537 3642 qnod
559 3555 746 3620 rotunditas
769 3555 880 3620 circuli
903 3559 999 3620 terrae
1022 3557 1169 3622 continet
1191 3555 1312 3656 viginti
1335 3557 1438 3622 millia
1460 3563 1495 3624 et

449 3691 669 3780 quadraginta
689 3691 863 3772 milliaria3
885 3713 960 3778 quae
982 3693 1113 3778 quidem
1137 3713 1272 3774 summa,
1296 3703 1375 3756 curn
1391 3693 1497 3760 divisa

449 3827 548 3894 fuerit
569 3849 627 3916 per
647 3827 713 3892 tria
728 3819 770 3894 ¹et
793 3827 966 3914 septimam
988 3831 1116 3912 partem
1142 3825 1241 3892 unius
1269 3827 1369 3904 tertii,
1393 3825 1495 3914 quan-

449 3963 529 4028 titas
566 3963 718 4028 diametri
756 3967 852 4026 torrae
884 3963 957 4042 erit,
991 3983 1049 4026 sen
1082 3960 1186 4026 millia
1220 3961 1401 4048 quingenta
1429 3963 1495 4030 fero
1529 4055 1530 4060 η

452 4163 700 4176 ...κώ-ω..

483 4315 489 4344 ι
500 4315 655 4380 septumum
671 4315 735 4380 οπο]
757 4319 795 4376 53,
809 4315 870 4366 0¹1)⁸
991 4303 1035 4352 full
1047 4311 1101 4368 stop
1111 4303 1173 4354 after
1185 4305 1351 4368 septentrione.
1385 4305 1419 4356 So
1440 4307 1492 4356 also

481 4407 490 4434 2
503 4405 537 4456 So
548 4407 577 4456 E·
590 4425 597 4466 3
615 4413 740 4468 trecentas,
752 4407 783 4458 B.
991 4383 1032 4440 D.,
1044 4383 1208 4446 punctuation
1221 4385 1348 4446 exceptet.

612 4535 618 4548 ·
635 4497 682 4564 o
704 4499 887 4550 Μοι
1023 4461 1557 4604 irrrrursuurss0⁰·'

448 4591 498 4650 bel
510 4587 539 4638 O·
1025 4559 1226 4686 stupescunt]
1247 4621 1301 4674 The
1312 4581 1453 4674 rdmdindcr
1466 4627 1494 4674 of

479 4681 488 4710 ⁴
500 4687 522 4728 θῑ
533 4677 610 4742 labet
623 4683 686 4752 Ol).
991 4701 1032 4750 tho
1043 4701 1144 4764 chapter
1154 4699 1311 4762 (Secundum
1322 4739 1329 4752 .
1340 4739 1347 4752 .
1360 4743 1366 4752 .
1376 4707 1461 4770 terra)
1469 4707 1491 4754 is
1509 4755 1513 4768 ,

478 4771 543 4836 ⁵ut]
563 4779 600 4824 est
616 4775 655 4834 ab,
675 4773 712 4836 0.,
731 4775 814 4826 which
830 4777 912 4840 places
932 4793 947 4826 a
991 4779 1267 4832 santernam.
1278 4801 1284 4842 ς
1296 4785 1377 4834 added
1388 4785 1452 4834 from
1460 4785 1490 4834 E.
